<?xml version="1.0" encoding="UTF-8"?><collection xmlns="http://www.loc.gov/MARC21/slim"><record><leader>00487nam--2200181-i-4500</leader><controlfield tag="001">000030010</controlfield><controlfield tag="002">20161230</controlfield><controlfield tag="005">20161230201038</controlfield><controlfield tag="008">060222s1000------------r-----000-0-ger-d</controlfield><datafield ind1=" " ind2=" " tag="040"><subfield code="a">IFIN-HH</subfield></datafield><datafield ind1=" " ind2=" " tag="041"><subfield code="a">ger</subfield></datafield><datafield ind1=" " ind2=" " tag="080"><subfield code="a">514.122(075.8)</subfield></datafield><datafield ind1="1" ind2=" " tag="100"><subfield code="a">Lubsen, H.B</subfield></datafield><datafield ind1="1" ind2="0" tag="245"><subfield code="a">Ausfuhrliches lehrbuch der analytischen oder hohern geometrie</subfield><subfield code="c">H.b. lubsen</subfield></datafield><datafield ind1=" " ind2=" " tag="260"><subfield code="a">Leipzig</subfield><subfield code="b">Friedrich Brandtetter</subfield><subfield code="c">1919</subfield></datafield><datafield ind1=" " ind2=" " tag="300"><subfield code="a">IV + 227P</subfield></datafield><datafield ind1=" " ind2=" " tag="852"><subfield code="a">44458</subfield><subfield code="c">H.H</subfield></datafield><datafield ind1=" " ind2=" " tag="CAT"><subfield code="a">Sys</subfield><subfield code="c">20130405</subfield><subfield code="h">123453</subfield></datafield></record></collection>